%YAML 1.1
%TAG !u! tag:unity3d.com,2011:
--- !u!136 &3305240686234623384
CapsuleCollider:
  m_ObjectHideFlags: 0
  m_CorrespondingSourceObject: {fileID: 0}
  m_PrefabInstance: {fileID: 0}
  m_PrefabAsset: {fileID: 0}
  m_GameObject: {fileID: 3304832220834861591}
  m_Material: {fileID: 0}
  m_IsTrigger: 0
  m_Enabled: 1
  m_Radius: 1.3038108
  m_Height: 7.480772
  m_Direction: 1
  m_Center: {x: 0, y: 3.240386, z: -0.17669415}
--- !u!114 &3305240686234623463
MonoBehaviour:
  m_ObjectHideFlags: 0
  m_CorrespondingSourceObject: {fileID: 0}
  m_PrefabInstance: {fileID: 0}
  m_PrefabAsset: {fileID: 0}
  m_GameObject: {fileID: 3304832220834861591}
  m_Enabled: 0
  m_EditorHideFlags: 0
  m_Script: {fileID: 11500000, guid: daaf2f09a9f8e5f4d854020ae28b8091, type: 3}
  m_Name: 
  m_EditorClassIdentifier: 
  anim: {fileID: 3194401303310408859}
--- !u!1 &3305240685776348177
GameObject:
  m_ObjectHideFlags: 0
  m_CorrespondingSourceObject: {fileID: 0}
  m_PrefabInstance: {fileID: 0}
  m_PrefabAsset: {fileID: 0}
  serializedVersion: 6
  m_Component:
  - component: {fileID: 3305240685776348176}
  - component: {fileID: 3305240685776348179}
  - component: {fileID: 3305240685776348178}
  - component: {fileID: 3305240685776348180}
  - component: {fileID: 3305240685776348181}
  - component: {fileID: 909728694}
  - component: {fileID: 851937349}
  m_Layer: 9
  m_Name: player
  m_TagString: player
  m_Icon: {fileID: 0}
  m_NavMeshLayer: 0
  m_StaticEditorFlags: 0
  m_IsActive: 1
--- !u!4 &3305240685776348176
Transform:
  m_ObjectHideFlags: 0
  m_CorrespondingSourceObject: {fileID: 0}
  m_PrefabInstance: {fileID: 0}
  m_PrefabAsset: {fileID: 0}
  m_GameObject: {fileID: 3305240685776348177}
  m_LocalRotation: {x: 0, y: 0, z: 0, w: 1}
  m_LocalPosition: {x: 8, y: 0, z: 0}
  m_LocalScale: {x: 1, y: 1, z: 1}
  m_Children:
  - {fileID: 3301322255817743063}
  m_Father: {fileID: 0}
  m_RootOrder: 0
  m_LocalEulerAnglesHint: {x: 0, y: 0, z: 0}
--- !u!114 &3305240685776348179
MonoBehaviour:
  m_ObjectHideFlags: 0
  m_CorrespondingSourceObject: {fileID: 0}
  m_PrefabInstance: {fileID: 0}
  m_PrefabAsset: {fileID: 0}
  m_GameObject: {fileID: 3305240685776348177}
  m_Enabled: 1
  m_EditorHideFlags: 0
  m_Script: {fileID: 11500000, guid: 90f127166c8eded4da8cc14f25e7f9a8, type: 3}
  m_Name: 
  m_EditorClassIdentifier: 
  speed: 750
  anim: {fileID: 3194401303310408859}
  mesh: {fileID: 3301322255817743063}
  rb: {fileID: 909728694}
--- !u!114 &3305240685776348178
MonoBehaviour:
  m_ObjectHideFlags: 0
  m_CorrespondingSourceObject: {fileID: 0}
  m_PrefabInstance: {fileID: 0}
  m_PrefabAsset: {fileID: 0}
  m_GameObject: {fileID: 3305240685776348177}
  m_Enabled: 1
  m_EditorHideFlags: 0
  m_Script: {fileID: 11500000, guid: cee70f314cfd32744a4b36e70bc1fcd0, type: 3}
  m_Name: 
  m_EditorClassIdentifier: 
  spells:
  - {fileID: 3305240685776348180}
  - {fileID: 0}
  - {fileID: 0}
  - {fileID: 0}
  mesh: {fileID: 3301322255817743063}
  equiped_spell: 0
--- !u!114 &3305240685776348180
MonoBehaviour:
  m_ObjectHideFlags: 0
  m_CorrespondingSourceObject: {fileID: 0}
  m_PrefabInstance: {fileID: 0}
  m_PrefabAsset: {fileID: 0}
  m_GameObject: {fileID: 3305240685776348177}
  m_Enabled: 1
  m_EditorHideFlags: 0
  m_Script: {fileID: 11500000, guid: d358a2a962cc9af408a06febaadf1844, type: 3}
  m_Name: 
  m_EditorClassIdentifier: 
  mana_coast: 5
  icon: {fileID: 21300000, guid: 50a820d3228a2bf4da98a6e769e90f12, type: 3}
  recoil: 2
  conjured_spell: {fileID: 0}
  effect: {fileID: 100002, guid: 6491d093102418e479218ac170690b9d, type: 3}
  speed: 30
--- !u!114 &3305240685776348181
MonoBehaviour:
  m_ObjectHideFlags: 0
  m_CorrespondingSourceObject: {fileID: 0}
  m_PrefabInstance: {fileID: 0}
  m_PrefabAsset: {fileID: 0}
  m_GameObject: {fileID: 3305240685776348177}
  m_Enabled: 1
  m_EditorHideFlags: 0
  m_Script: {fileID: 11500000, guid: 2080628fd37d9ab4da4d06670e592375, type: 3}
  m_Name: 
  m_EditorClassIdentifier: 
  hp: 50
  mana: 50
  full_hp: 50
  full_mana: 50
--- !u!54 &909728694
Rigidbody:
  m_ObjectHideFlags: 0
  m_CorrespondingSourceObject: {fileID: 0}
  m_PrefabInstance: {fileID: 0}
  m_PrefabAsset: {fileID: 0}
  m_GameObject: {fileID: 3305240685776348177}
  serializedVersion: 2
  m_Mass: 0.3
  m_Drag: 0
  m_AngularDrag: 0.05
  m_UseGravity: 0
  m_IsKinematic: 0
  m_Interpolate: 0
  m_Constraints: 112
  m_CollisionDetection: 0
--- !u!114 &851937349
MonoBehaviour:
  m_ObjectHideFlags: 0
  m_CorrespondingSourceObject: {fileID: 0}
  m_PrefabInstance: {fileID: 0}
  m_PrefabAsset: {fileID: 0}
  m_GameObject: {fileID: 3305240685776348177}
  m_Enabled: 1
  m_EditorHideFlags: 0
  m_Script: {fileID: 11500000, guid: ce18d2a324b15c143935f8c79f388fd3, type: 3}
  m_Name: 
  m_EditorClassIdentifier: 
  lava_damage: 15
--- !u!1 &6601348418732143033
GameObject:
  m_ObjectHideFlags: 0
  m_CorrespondingSourceObject: {fileID: 0}
  m_PrefabInstance: {fileID: 0}
  m_PrefabAsset: {fileID: 0}
  serializedVersion: 6
  m_Component:
  - component: {fileID: 5974798120810366700}
  - component: {fileID: 1561411019430417529}
  m_Layer: 9
  m_Name: Spot Light
  m_TagString: Untagged
  m_Icon: {fileID: 0}
  m_NavMeshLayer: 0
  m_StaticEditorFlags: 0
  m_IsActive: 1
--- !u!4 &5974798120810366700
Transform:
  m_ObjectHideFlags: 0
  m_CorrespondingSourceObject: {fileID: 0}
  m_PrefabInstance: {fileID: 0}
  m_PrefabAsset: {fileID: 0}
  m_GameObject: {fileID: 6601348418732143033}
  m_LocalRotation: {x: 0.7071068, y: -0, z: -0, w: 0.7071068}
  m_LocalPosition: {x: 0.08425999, y: 10.87, z: -0.29}
  m_LocalScale: {x: 1, y: 1, z: 1}
  m_Children: []
  m_Father: {fileID: 3301322255817743063}
  m_RootOrder: 5
  m_LocalEulerAnglesHint: {x: 90, y: 0, z: 0}
--- !u!108 &1561411019430417529
Light:
  m_ObjectHideFlags: 0
  m_CorrespondingSourceObject: {fileID: 0}
  m_PrefabInstance: {fileID: 0}
  m_PrefabAsset: {fileID: 0}
  m_GameObject: {fileID: 6601348418732143033}
  m_Enabled: 1
  serializedVersion: 9
  m_Type: 0
  m_Color: {r: 1, g: 1, b: 1, a: 1}
  m_Intensity: 1.5
  m_Range: 10
  m_SpotAngle: 65.86584
  m_InnerSpotAngle: 21.80208
  m_CookieSize: 10
  m_Shadows:
    m_Type: 0
    m_Resolution: -1
    m_CustomResolution: -1
    m_Strength: 1
    m_Bias: 0.05
    m_NormalBias: 0.4
    m_NearPlane: 0.2
    m_CullingMatrixOverride:
      e00: 1
      e01: 0
      e02: 0
      e03: 0
      e10: 0
      e11: 1
      e12: 0
      e13: 0
      e20: 0
      e21: 0
      e22: 1
      e23: 0
      e30: 0
      e31: 0
      e32: 0
      e33: 1
    m_UseCullingMatrixOverride: 0
  m_Cookie: {fileID: 0}
  m_DrawHalo: 0
  m_Flare: {fileID: 0}
  m_RenderMode: 0
  m_CullingMask:
    serializedVersion: 2
    m_Bits: 4294967295
  m_RenderingLayerMask: 1
  m_Lightmapping: 4
  m_LightShadowCasterMode: 0
  m_AreaSize: {x: 1, y: 1}
  m_BounceIntensity: 1
  m_ColorTemperature: 6570
  m_UseColorTemperature: 0
  m_BoundingSphereOverride: {x: 0, y: 0, z: 0, w: 0}
  m_UseBoundingSphereOverride: 0
  m_ShadowRadius: 0
  m_ShadowAngle: 0
--- !u!1001 &3305240686409659601
PrefabInstance:
  m_ObjectHideFlags: 0
  serializedVersion: 2
  m_Modification:
    m_TransformParent: {fileID: 3305240685776348176}
    m_Modifications:
    - target: {fileID: 1000011592443590, guid: cebe9eaf887c5944f95c8c1382cd119d, type: 3}
      propertyPath: m_Name
      value: mesh
      objectReference: {fileID: 0}
    - target: {fileID: 1000011592443590, guid: cebe9eaf887c5944f95c8c1382cd119d, type: 3}
      propertyPath: m_Layer
      value: 9
      objectReference: {fileID: 0}
    - target: {fileID: 1000011592443590, guid: cebe9eaf887c5944f95c8c1382cd119d, type: 3}
      propertyPath: m_TagString
      value: player
      objectReference: {fileID: 0}
    - target: {fileID: 4000013797961222, guid: cebe9eaf887c5944f95c8c1382cd119d, type: 3}
      propertyPath: m_LocalPosition.x
      value: 0
      objectReference: {fileID: 0}
    - target: {fileID: 4000013797961222, guid: cebe9eaf887c5944f95c8c1382cd119d, type: 3}
      propertyPath: m_LocalPosition.y
      value: 0
      objectReference: {fileID: 0}
    - target: {fileID: 4000013797961222, guid: cebe9eaf887c5944f95c8c1382cd119d, type: 3}
      propertyPath: m_LocalPosition.z
      value: 0
      objectReference: {fileID: 0}
    - target: {fileID: 4000013797961222, guid: cebe9eaf887c5944f95c8c1382cd119d, type: 3}
      propertyPath: m_LocalRotation.x
      value: -0
      objectReference: {fileID: 0}
    - target: {fileID: 4000013797961222, guid: cebe9eaf887c5944f95c8c1382cd119d, type: 3}
      propertyPath: m_LocalRotation.y
      value: -0
      objectReference: {fileID: 0}
    - target: {fileID: 4000013797961222, guid: cebe9eaf887c5944f95c8c1382cd119d, type: 3}
      propertyPath: m_LocalRotation.z
      value: -0
      objectReference: {fileID: 0}
    - target: {fileID: 4000013797961222, guid: cebe9eaf887c5944f95c8c1382cd119d, type: 3}
      propertyPath: m_LocalRotation.w
      value: 1
      objectReference: {fileID: 0}
    - target: {fileID: 4000013797961222, guid: cebe9eaf887c5944f95c8c1382cd119d, type: 3}
      propertyPath: m_RootOrder
      value: 0
      objectReference: {fileID: 0}
    - target: {fileID: 4000013797961222, guid: cebe9eaf887c5944f95c8c1382cd119d, type: 3}
      propertyPath: m_LocalEulerAnglesHint.x
      value: 0
      objectReference: {fileID: 0}
    - target: {fileID: 4000013797961222, guid: cebe9eaf887c5944f95c8c1382cd119d, type: 3}
      propertyPath: m_LocalEulerAnglesHint.y
      value: 0
      objectReference: {fileID: 0}
    - target: {fileID: 4000013797961222, guid: cebe9eaf887c5944f95c8c1382cd119d, type: 3}
      propertyPath: m_LocalEulerAnglesHint.z
      value: 0
      objectReference: {fileID: 0}
    - target: {fileID: 111000010891536458, guid: cebe9eaf887c5944f95c8c1382cd119d,
        type: 3}
      propertyPath: m_Animation
      value: 
      objectReference: {fileID: 7400000, guid: 9159872ee2dfc97458d179623772e3c1, type: 2}
    - target: {fileID: 111000010891536458, guid: cebe9eaf887c5944f95c8c1382cd119d,
        type: 3}
      propertyPath: m_Animations.Array.data[4]
      value: 
      objectReference: {fileID: 7400000, guid: 9159872ee2dfc97458d179623772e3c1, type: 2}
    - target: {fileID: 1000011909889550, guid: cebe9eaf887c5944f95c8c1382cd119d, type: 3}
      propertyPath: m_Layer
      value: 9
      objectReference: {fileID: 0}
    - target: {fileID: 1000011413774044, guid: cebe9eaf887c5944f95c8c1382cd119d, type: 3}
      propertyPath: m_Layer
      value: 9
      objectReference: {fileID: 0}
    - target: {fileID: 1000010815281962, guid: cebe9eaf887c5944f95c8c1382cd119d, type: 3}
      propertyPath: m_Layer
      value: 9
      objectReference: {fileID: 0}
    - target: {fileID: 1000010465852888, guid: cebe9eaf887c5944f95c8c1382cd119d, type: 3}
      propertyPath: m_Layer
      value: 9
      objectReference: {fileID: 0}
    - target: {fileID: 1000014083197730, guid: cebe9eaf887c5944f95c8c1382cd119d, type: 3}
      propertyPath: m_Layer
      value: 9
      objectReference: {fileID: 0}
    - target: {fileID: 1000010061838364, guid: cebe9eaf887c5944f95c8c1382cd119d, type: 3}
      propertyPath: m_Layer
      value: 9
      objectReference: {fileID: 0}
    - target: {fileID: 1000011887535494, guid: cebe9eaf887c5944f95c8c1382cd119d, type: 3}
      propertyPath: m_Layer
      value: 9
      objectReference: {fileID: 0}
    - target: {fileID: 1000011290695266, guid: cebe9eaf887c5944f95c8c1382cd119d, type: 3}
      propertyPath: m_Layer
      value: 9
      objectReference: {fileID: 0}
    - target: {fileID: 1000011131298068, guid: cebe9eaf887c5944f95c8c1382cd119d, type: 3}
      propertyPath: m_Layer
      value: 9
      objectReference: {fileID: 0}
    - target: {fileID: 1000010570493710, guid: cebe9eaf887c5944f95c8c1382cd119d, type: 3}
      propertyPath: m_Layer
      value: 9
      objectReference: {fileID: 0}
    - target: {fileID: 1000013930232436, guid: cebe9eaf887c5944f95c8c1382cd119d, type: 3}
      propertyPath: m_Layer
      value: 9
      objectReference: {fileID: 0}
    - target: {fileID: 1000012952028480, guid: cebe9eaf887c5944f95c8c1382cd119d, type: 3}
      propertyPath: m_Layer
      value: 9
      objectReference: {fileID: 0}
    - target: {fileID: 1000011872868160, guid: cebe9eaf887c5944f95c8c1382cd119d, type: 3}
      propertyPath: m_Layer
      value: 9
      objectReference: {fileID: 0}
    - target: {fileID: 1000011536107528, guid: cebe9eaf887c5944f95c8c1382cd119d, type: 3}
      propertyPath: m_Layer
      value: 9
      objectReference: {fileID: 0}
    - target: {fileID: 1000011675078618, guid: cebe9eaf887c5944f95c8c1382cd119d, type: 3}
      propertyPath: m_Layer
      value: 9
      objectReference: {fileID: 0}
    - target: {fileID: 1000011042885630, guid: cebe9eaf887c5944f95c8c1382cd119d, type: 3}
      propertyPath: m_Layer
      value: 9
      objectReference: {fileID: 0}
    - target: {fileID: 1000011065734706, guid: cebe9eaf887c5944f95c8c1382cd119d, type: 3}
      propertyPath: m_Layer
      value: 9
      objectReference: {fileID: 0}
    - target: {fileID: 1000010669535646, guid: cebe9eaf887c5944f95c8c1382cd119d, type: 3}
      propertyPath: m_Layer
      value: 9
      objectReference: {fileID: 0}
    - target: {fileID: 1000010852306306, guid: cebe9eaf887c5944f95c8c1382cd119d, type: 3}
      propertyPath: m_Layer
      value: 9
      objectReference: {fileID: 0}
    - target: {fileID: 1000010604366092, guid: cebe9eaf887c5944f95c8c1382cd119d, type: 3}
      propertyPath: m_Layer
      value: 9
      objectReference: {fileID: 0}
    - target: {fileID: 1000010606422320, guid: cebe9eaf887c5944f95c8c1382cd119d, type: 3}
      propertyPath: m_Layer
      value: 9
      objectReference: {fileID: 0}
    - target: {fileID: 1000014097186644, guid: cebe9eaf887c5944f95c8c1382cd119d, type: 3}
      propertyPath: m_Layer
      value: 9
      objectReference: {fileID: 0}
    - target: {fileID: 1000012739786994, guid: cebe9eaf887c5944f95c8c1382cd119d, type: 3}
      propertyPath: m_Layer
      value: 9
      objectReference: {fileID: 0}
    - target: {fileID: 1000012531987138, guid: cebe9eaf887c5944f95c8c1382cd119d, type: 3}
      propertyPath: m_Layer
      value: 9
      objectReference: {fileID: 0}
    - target: {fileID: 1000011766696324, guid: cebe9eaf887c5944f95c8c1382cd119d, type: 3}
      propertyPath: m_Layer
      value: 9
      objectReference: {fileID: 0}
    - target: {fileID: 1000011801232652, guid: cebe9eaf887c5944f95c8c1382cd119d, type: 3}
      propertyPath: m_Layer
      value: 9
      objectReference: {fileID: 0}
    - target: {fileID: 1000011712166000, guid: cebe9eaf887c5944f95c8c1382cd119d, type: 3}
      propertyPath: m_Layer
      value: 9
      objectReference: {fileID: 0}
    - target: {fileID: 1000011395002500, guid: cebe9eaf887c5944f95c8c1382cd119d, type: 3}
      propertyPath: m_Layer
      value: 9
      objectReference: {fileID: 0}
    - target: {fileID: 1000010853797780, guid: cebe9eaf887c5944f95c8c1382cd119d, type: 3}
      propertyPath: m_Layer
      value: 9
      objectReference: {fileID: 0}
    - target: {fileID: 1000010421896762, guid: cebe9eaf887c5944f95c8c1382cd119d, type: 3}
      propertyPath: m_Layer
      value: 9
      objectReference: {fileID: 0}
    - target: {fileID: 1000013360622450, guid: cebe9eaf887c5944f95c8c1382cd119d, type: 3}
      propertyPath: m_Layer
      value: 9
      objectReference: {fileID: 0}
    - target: {fileID: 1000013289766190, guid: cebe9eaf887c5944f95c8c1382cd119d, type: 3}
      propertyPath: m_Layer
      value: 9
      objectReference: {fileID: 0}
    - target: {fileID: 1000012821896952, guid: cebe9eaf887c5944f95c8c1382cd119d, type: 3}
      propertyPath: m_Layer
      value: 9
      objectReference: {fileID: 0}
    - target: {fileID: 1000012381892482, guid: cebe9eaf887c5944f95c8c1382cd119d, type: 3}
      propertyPath: m_Layer
      value: 9
      objectReference: {fileID: 0}
    - target: {fileID: 1000010960819790, guid: cebe9eaf887c5944f95c8c1382cd119d, type: 3}
      propertyPath: m_Layer
      value: 9
      objectReference: {fileID: 0}
    - target: {fileID: 1000011996953592, guid: cebe9eaf887c5944f95c8c1382cd119d, type: 3}
      propertyPath: m_Layer
      value: 9
      objectReference: {fileID: 0}
    - target: {fileID: 1000010758570018, guid: cebe9eaf887c5944f95c8c1382cd119d, type: 3}
      propertyPath: m_Layer
      value: 9
      objectReference: {fileID: 0}
    - target: {fileID: 1000013323817768, guid: cebe9eaf887c5944f95c8c1382cd119d, type: 3}
      propertyPath: m_Layer
      value: 9
      objectReference: {fileID: 0}
    - target: {fileID: 1000013881256866, guid: cebe9eaf887c5944f95c8c1382cd119d, type: 3}
      propertyPath: m_Layer
      value: 9
      objectReference: {fileID: 0}
    - target: {fileID: 1000013896554586, guid: cebe9eaf887c5944f95c8c1382cd119d, type: 3}
      propertyPath: m_Layer
      value: 9
      objectReference: {fileID: 0}
    - target: {fileID: 1000012820540386, guid: cebe9eaf887c5944f95c8c1382cd119d, type: 3}
      propertyPath: m_Layer
      value: 9
      objectReference: {fileID: 0}
    - target: {fileID: 1000010812662534, guid: cebe9eaf887c5944f95c8c1382cd119d, type: 3}
      propertyPath: m_Layer
      value: 9
      objectReference: {fileID: 0}
    - target: {fileID: 1000010141654870, guid: cebe9eaf887c5944f95c8c1382cd119d, type: 3}
      propertyPath: m_Layer
      value: 9
      objectReference: {fileID: 0}
    - target: {fileID: 1000010350294130, guid: cebe9eaf887c5944f95c8c1382cd119d, type: 3}
      propertyPath: m_Layer
      value: 9
      objectReference: {fileID: 0}
    - target: {fileID: 1000014063570144, guid: cebe9eaf887c5944f95c8c1382cd119d, type: 3}
      propertyPath: m_Layer
      value: 9
      objectReference: {fileID: 0}
    - target: {fileID: 1000011456091568, guid: cebe9eaf887c5944f95c8c1382cd119d, type: 3}
      propertyPath: m_Layer
      value: 9
      objectReference: {fileID: 0}
    - target: {fileID: 1000010542746246, guid: cebe9eaf887c5944f95c8c1382cd119d, type: 3}
      propertyPath: m_Layer
      value: 9
      objectReference: {fileID: 0}
    - target: {fileID: 1000014061655832, guid: cebe9eaf887c5944f95c8c1382cd119d, type: 3}
      propertyPath: m_Layer
      value: 9
      objectReference: {fileID: 0}
    - target: {fileID: 1000013424135106, guid: cebe9eaf887c5944f95c8c1382cd119d, type: 3}
      propertyPath: m_Layer
      value: 9
      objectReference: {fileID: 0}
    - target: {fileID: 1000010109780514, guid: cebe9eaf887c5944f95c8c1382cd119d, type: 3}
      propertyPath: m_Layer
      value: 9
      objectReference: {fileID: 0}
    - target: {fileID: 1000011916014652, guid: cebe9eaf887c5944f95c8c1382cd119d, type: 3}
      propertyPath: m_Layer
      value: 9
      objectReference: {fileID: 0}
    - target: {fileID: 1000011604250198, guid: cebe9eaf887c5944f95c8c1382cd119d, type: 3}
      propertyPath: m_Layer
      value: 9
      objectReference: {fileID: 0}
    - target: {fileID: 1000011015245180, guid: cebe9eaf887c5944f95c8c1382cd119d, type: 3}
      propertyPath: m_Layer
      value: 9
      objectReference: {fileID: 0}
    - target: {fileID: 1000010668456360, guid: cebe9eaf887c5944f95c8c1382cd119d, type: 3}
      propertyPath: m_Layer
      value: 9
      objectReference: {fileID: 0}
    - target: {fileID: 1000010127512516, guid: cebe9eaf887c5944f95c8c1382cd119d, type: 3}
      propertyPath: m_Layer
      value: 9
      objectReference: {fileID: 0}
    - target: {fileID: 1000010290967908, guid: cebe9eaf887c5944f95c8c1382cd119d, type: 3}
      propertyPath: m_Layer
      value: 9
      objectReference: {fileID: 0}
    - target: {fileID: 1000014279532538, guid: cebe9eaf887c5944f95c8c1382cd119d, type: 3}
      propertyPath: m_Layer
      value: 9
      objectReference: {fileID: 0}
    - target: {fileID: 1000014241100258, guid: cebe9eaf887c5944f95c8c1382cd119d, type: 3}
      propertyPath: m_Layer
      value: 9
      objectReference: {fileID: 0}
    - target: {fileID: 1000012518730380, guid: cebe9eaf887c5944f95c8c1382cd119d, type: 3}
      propertyPath: m_Layer
      value: 9
      objectReference: {fileID: 0}
    - target: {fileID: 1000011240548766, guid: cebe9eaf887c5944f95c8c1382cd119d, type: 3}
      propertyPath: m_Layer
      value: 9
      objectReference: {fileID: 0}
    - target: {fileID: 1000011015226324, guid: cebe9eaf887c5944f95c8c1382cd119d, type: 3}
      propertyPath: m_Layer
      value: 9
      objectReference: {fileID: 0}
    - target: {fileID: 1000010785034028, guid: cebe9eaf887c5944f95c8c1382cd119d, type: 3}
      propertyPath: m_Layer
      value: 9
      objectReference: {fileID: 0}
    - target: {fileID: 1000010473875928, guid: cebe9eaf887c5944f95c8c1382cd119d, type: 3}
      propertyPath: m_Layer
      value: 9
      objectReference: {fileID: 0}
    - target: {fileID: 1000010179625600, guid: cebe9eaf887c5944f95c8c1382cd119d, type: 3}
      propertyPath: m_Layer
      value: 9
      objectReference: {fileID: 0}
    - target: {fileID: 1000013711881544, guid: cebe9eaf887c5944f95c8c1382cd119d, type: 3}
      propertyPath: m_Layer
      value: 9
      objectReference: {fileID: 0}
    - target: {fileID: 1000013530687910, guid: cebe9eaf887c5944f95c8c1382cd119d, type: 3}
      propertyPath: m_Layer
      value: 9
      objectReference: {fileID: 0}
    - target: {fileID: 1000012480496876, guid: cebe9eaf887c5944f95c8c1382cd119d, type: 3}
      propertyPath: m_Layer
      value: 9
      objectReference: {fileID: 0}
    - target: {fileID: 1000012060331180, guid: cebe9eaf887c5944f95c8c1382cd119d, type: 3}
      propertyPath: m_Layer
      value: 9
      objectReference: {fileID: 0}
    - target: {fileID: 1000011709912094, guid: cebe9eaf887c5944f95c8c1382cd119d, type: 3}
      propertyPath: m_Layer
      value: 9
      objectReference: {fileID: 0}
    - target: {fileID: 1000011700915858, guid: cebe9eaf887c5944f95c8c1382cd119d, type: 3}
      propertyPath: m_Layer
      value: 9
      objectReference: {fileID: 0}
    - target: {fileID: 1000010860377710, guid: cebe9eaf887c5944f95c8c1382cd119d, type: 3}
      propertyPath: m_Layer
      value: 9
      objectReference: {fileID: 0}
    - target: {fileID: 1000014080301926, guid: cebe9eaf887c5944f95c8c1382cd119d, type: 3}
      propertyPath: m_Layer
      value: 9
      objectReference: {fileID: 0}
    - target: {fileID: 1000013650333118, guid: cebe9eaf887c5944f95c8c1382cd119d, type: 3}
      propertyPath: m_Layer
      value: 9
      objectReference: {fileID: 0}
    - target: {fileID: 1000013612461754, guid: cebe9eaf887c5944f95c8c1382cd119d, type: 3}
      propertyPath: m_Layer
      value: 9
      objectReference: {fileID: 0}
    - target: {fileID: 1000012641317146, guid: cebe9eaf887c5944f95c8c1382cd119d, type: 3}
      propertyPath: m_Layer
      value: 9
      objectReference: {fileID: 0}
    m_RemovedComponents: []
  m_SourcePrefab: {fileID: 100100000, guid: cebe9eaf887c5944f95c8c1382cd119d, type: 3}
--- !u!1 &3304832220834861591 stripped
GameObject:
  m_CorrespondingSourceObject: {fileID: 1000011592443590, guid: cebe9eaf887c5944f95c8c1382cd119d,
    type: 3}
  m_PrefabInstance: {fileID: 3305240686409659601}
  m_PrefabAsset: {fileID: 0}
--- !u!4 &3301322255817743063 stripped
Transform:
  m_CorrespondingSourceObject: {fileID: 4000013797961222, guid: cebe9eaf887c5944f95c8c1382cd119d,
    type: 3}
  m_PrefabInstance: {fileID: 3305240686409659601}
  m_PrefabAsset: {fileID: 0}
--- !u!111 &3194401303310408859 stripped
Animation:
  m_CorrespondingSourceObject: {fileID: 111000010891536458, guid: cebe9eaf887c5944f95c8c1382cd119d,
    type: 3}
  m_PrefabInstance: {fileID: 3305240686409659601}
  m_PrefabAsset: {fileID: 0}
